%% Journal article
@article{Sugihara90,
	author={G. Sugihara and B. Grenfell and R. M. May},
	title={Distinguishing error from chaos in ecological time series.},
	journal={Phil. Trans. Roy. Soc. London B},
	volume={330},
	number={1257},
	pages={235--51},
	year={1990},
}
@article{sugihara1994nonlinear,
	title={Nonlinear forecasting for the classification of natural time series},
	author={Sugihara, George},
	journal={Philosophical Transactions of the Royal Society of London. Series A: Physical and Engineering Sciences},
	volume={348},
	number={1688},
	pages={477--495},
	year={1994},
	publisher={The Royal Society London}
}
@article{sugihara1990nonlinear,
	title={Nonlinear forecasting as a way of distinguishing chaos from measurement error in time series},
	author={Sugihara, George and May, Robert M},
	journal={Nature},
	volume={344},
	number={6268},
	pages={734--741},
	year={1990},
	publisher={Nature Publishing Group},
}
@article{zhigljavsky2010singular,
	title={Singular spectrum analysis for time series: Introduction to this special issue},
	author={Zhigljavsky, Anatoly},
	journal={Statistics and its Interface},
	volume={3},
	number={3},
	pages={255--258},
	year={2010},
	publisher={International Press of Boston},
}
@article{usmanova2020sphere_regr,
	title={Approximation of Quasiperiodic Signal Phase Trajectory Using Directional Regression},
	author={Usmanova, KR and Zhuravlev, Yu I and Rudakov, KV and Strijov, VV},
	journal={Moscow University Computational Mathematics and Cybernetics},
	volume={44},
	number={4},
	pages={196--202},
	year={2020},
	publisher={Springer}
}
@article{usmanova2019dependencies,
	title={Models of detection relationship between time series in forecasting problems},
	author={Usmanova, KR and Strijov, VV},
	journal={Econometrica: Journal of the Econometric Society},
	volume={37},
	number={3},
	pages={424--438},
	year={2019}
}
@article{rosipal2011nonlinear,
	title={Nonlinear partial least squares an overview},
	author={Rosipal, Roman},
	journal={Chemoinformatics and advanced machine learning perspectives: complex computational methods and collaborative techniques},
	pages={169--189},
	year={2011},
	publisher={IGI Global},
}
@article{hardoon2004canonical,
	title={Canonical correlation analysis: An overview with application to learning methods},
	author={Hardoon, David R and Szedmak, Sandor and Shawe-Taylor, John},
	journal={Neural computation},
	volume={16},
	number={12},
	pages={2639--2664},
	year={2004},
	publisher={MIT Press},
}
@article{qin1992nonlinear,
	title={Nonlinear PLS modeling using neural networks},
	author={Qin, S Joe and McAvoy, Thomas J},
	journal={Computers \& Chemical Engineering},
	volume={16},
	number={4},
	pages={379--391},
	year={1992},
	publisher={Elsevier},
}
@article{yaushev2021concordant,
	title={Concordant models for latent space projections in forecasting},
	author={Yaushev, Farukh Yur'evich and Isachenko, Roman Vladimirovich and Strijov, Vadim},
	journal={Sistemy i Sredstva Informatiki [Systems and Means of Informatics]},
	volume={31},
	number={1},
	pages={4--16},
	year={2021},
	publisher={Russian Academy of Sciences, Branch of Informatics, Computer Equipment and~…},
}
@article{isachenko2018dimensionality,
	title={Dimensionality Reduction for Time Series Decoding and Forecasting Problems},
	author={ISACHENKO, Roman and VLADIMIROVA, Mariia and STRIJOV, Vadim},
	journal={DEStech Transactions on Computer Science and Engineering},
	number={optim},
	year={2018},
}
@article{chen2018neuralode,
	title={Neural ordinary differential equations},
	author={Chen, Ricky TQ and Rubanova, Yulia and Bettencourt, Jesse and Duvenaud, David K},
	journal={Advances in neural information processing systems},
	volume={31},
	year={2018}
}
@article{sun2019application,
	title={Application of partial least squares in exploring the genome selection signatures between populations},
	author={Sun, Hao and Zhang, Zhe and Olasege, Babatunde Shittu and Xu, Zhong and Zhao, Qingbo and Ma, Peipei and Wang, Qishan and Pan, Yuchun},
	journal={Heredity},
	volume={122},
	number={3},
	pages={288--293},
	year={2019},
	publisher={Nature Publishing Group}
}
@article{ignatov2016har,
	title={Human activity recognition using quasiperiodic time series collected from a single tri-axial accelerometer},
	author={Ignatov, Andrey D and Strijov, Vadim V},
	journal={Multimedia tools and applications},
	volume={75},
	number={12},
	pages={7257--7270},
	year={2016},
	publisher={Springer}
}
@article{sadoughi2016application,
	title={Application of canonical correlation analysis for detecting risk factors leading to recurrence of breast cancer},
	author={Sadoughi, Farahnaz and Afshar, Hadi Lotfnezhad and Olfatbakhsh, Asiie and Mehrdad, Neda},
	journal={Iranian Red Crescent Medical Journal},
	volume={18},
	number={3},
	year={2016},
	publisher={Kowsar Medical Institute}
}
@article{xing2016complete,
	title={Complete canonical correlation analysis with application to multi-view gait recognition},
	author={Xing, Xianglei and Wang, Kejun and Yan, Tao and Lv, Zhuowen},
	journal={Pattern Recognition},
	volume={50},
	pages={107--117},
	year={2016},
	publisher={Elsevier}
}
%% book, authored
@book{golyandina2001analysis,
	title={Analysis of time series structure: SSA and related techniques},
	author={Golyandina, Nina and Nekrutkin, Vladimir and Zhigljavsky, Anatoly A},
	year={2001},
	publisher={CRC press},
}
%% Inproceedings
@inproceedings{golyandina2005ssa,
	title={SSA-based approaches to analysis and forecast of multidimensional time series},
	author={Golyandina, Nina and Stepanov, D},
	booktitle={proceedings of the 5th St. Petersburg workshop on simulation},
	volume={293},
	pages={298},
	year={2005},
	organization={St. Petersburg State University St. Petersburg, Russia},
}
@inproceedings{alexandrov2005automatic,
	title={Automatic extraction and forecast of time series cyclic components within the framework of SSA},
	author={Alexandrov, Th and Golyandina, N},
	booktitle={Proceedings of the 5th St. Petersburg Workshop on Simulation},
	pages={45--50},
	year={2005},
	organization={St. Petersburg State University St. Petersburg},
}
@inproceedings{rosipal2005overview,
	title={Overview and recent advances in partial least squares},
	author={Rosipal, Roman and Kramer, Nicole},
	booktitle={International Statistical and Optimization Perspectives Workshop Subspace, Latent Structure and Feature Selection},
	pages={34--51},
	year={2005},
	organization={Springer},
}
@inproceedings{andrew2013deep,
	title={Deep canonical correlation analysis},
	author={Andrew, Galen and Arora, Raman and Bilmes, Jeff and Livescu, Karen},
	booktitle={International conference on machine learning},
	pages={1247--1255},
	year={2013},
	organization={PMLR},
}
@misc{wiering2013neural,
	title={The neural support vector machine},
	author={Wiering, Marco A and Van der Ree, Michiel H and Embrechts, MJ and Stollenga, MF and Meijster, Arnold and Nolte, A and Schomaker, LRB},
	booktitle={BNAIC 2013: Proceedings of the 25th Benelux Conference on Artificial Intelligence, Delft, The Netherlands, November 7-8, 2013},
	year={2013},
	organization={Delft University of Technology (TU Delft); under the auspices of the Benelux~…}
}
%% alphapose
@inproceedings{alphapose_fang2017rmpe,
	title={{RMPE}: Regional Multi-person Pose Estimation},
	author={Fang, Hao-Shu and Xie, Shuqin and Tai, Yu-Wing and Lu, Cewu},
	booktitle={ICCV},
	year={2017}
}
@inproceedings{alphapose_li2019crowdpose,
	title={Crowdpose: Efficient crowded scenes pose estimation and a new benchmark},
	author={Li, Jiefeng and Wang, Can and Zhu, Hao and Mao, Yihuan and Fang, Hao-Shu and Lu, Cewu},
	booktitle={Proceedings of the IEEE/CVF conference on computer vision and pattern recognition},
	pages={10863--10872},
	year={2019}
}
@inproceedings{alphapose_xiu2018poseflow,
	author = {Xiu, Yuliang and Li, Jiefeng and Wang, Haoyu and Fang, Yinghong and Lu, Cewu},
	title = {{Pose Flow}: Efficient Online Pose Tracking},
	booktitle={BMVC},
	year = {2018}
}
%% latent-ccm
@inproceedings{de2020latent,
	title={Latent convergent cross mapping},
	author={De Brouwer, Edward and Arany, Adam and Simm, Jaak and Moreau, Yves},
	booktitle={International Conference on Learning Representations},
	year={2020}
}
%% cca application
@book{benesty2018canonical,
	title={Canonical Correlation Analysis in Speech Enhancement},
	author={Benesty, Jacob and Cohen, Israel},
	year={2018},
	publisher={Springer}
}
%% Item 8. Book, chapter
@incollection{bib5,
  author		= "Broy, M.",
  title			= "Software engineering---from auxiliary to key technologies",
  editor		= "Broy, M. and Denert, E.",
  booktitle		= "Software Pioneers",
  pages			= "10--13",
  address		= "New {Y}ork",
  publisher		= "Springer",
  year			= "1992"
}
%% Book, edited
@book{bib6,
  editor		= "Seymour, R. S.",
  title			= "Conductive {P}olymers",
  address		= "New {Y}ork",
  publisher		= "Plenum",
  year			= "1981"
}
%% Chapter in a book in a series with volume titles
@inproceedings{bib7,
  author		= "Smith, S. E.",
  title			= "Neuromuscular blocking drugs in man",
  editor		= "Zaimis, E.",
  volume		= "42",
  booktitle		= "Neuromuscular junction. {H}andbook of experimental pharmacology",
  pages			= "593--660",
  address		= "Heidelberg",
  publisher		= "Springer",
  year			= "1976"
}
%% Paper presented at a conference
@misc{bib8,
  author		= "Chung, S. T. and Morris, R. L.",
  title			= "Isolation and characterization of plasmid deoxyribonucleic acid from 
					Streptomyces fradiae",
  year			= "1978",
  note			= "Paper presented at the 3rd international symposium on the genetics 
					of industrial microorganisms, University of {W}isconsin, {M}adison, 
					4--9 June 1978"
}
%% Data citation example
@misc{bib9,
  author		= "Hao, Z. and AghaKouchak, A. and Nakhjiri, N. and Farahmand, A.",
  title			= "Global integrated drought monitoring and prediction system (GIDMaPS) data sets", 
  year			= "2014",
  note			= "figshare \url{https://doi.org/10.6084/m9.figshare.853801}"
}
%% Preprint citation example
@misc{bib10, 
  author		= "Babichev, S. A. and Ries, J. and Lvovsky, A. I.",
  title			= "Quantum scissors: teleportation of single-mode optical states by means 
					of a nonlocal single photon", 
  year			= "2002",
  note			= "Preprint at \url{https://arxiv.org/abs/quant-ph/0208066v1}"
}
@article{bib11,
  author		= "Beneke, M. and Buchalla, G. and Dunietz, I.",
  title			= "Mixing induced {CP} asymmetries in inclusive {B} decays",
  journal		= "Phys. {L}ett.",
  volume		= "B393",
  year			= "1997",
  pages			= "132-142",
  archivePrefix		= "arXiv",
  eprint		= "0707.3168",
  primaryClass		= "gr-gc"
}
@softmisc{bib12,
  author		= "Stahl, B.",
  title			= "deep{SIP}: deep learning of {S}upernova {I}a {P}arameters",
  version		= "0.42",
  keywords		= "Software",
  howpublished		= "Astrophysics {S}ource {C}ode {L}ibrary",
  year			= "2020",
  month			= "Jun",
  eid			= "ascl:2006.023",
  pages			= "ascl:2006.023",
  archivePrefix		= "ascl",
  eprint		= "2006.023",
  adsurl		= "{https://ui.adsabs.harvard.edu/abs/2020ascl.soft06023S}",
  adsnote		= "Provided by the SAO/NASA Astrophysics Data System"
}
